@article{dikaiakos.2009,
  author = {Marios D. Dikaiakos and Dimitrios Katsaros and Pankaj Mehra and George Pallis and Athena Vakali},
  title = {Cloud Computing: Distributed Internet Computing for IT and Scientific Research},
  journal ={IEEE Internet Computing},
  volume = {13},
  number = {5},
  year = {2009},
  pages = {10-13},
  publisher = {IEEE Computer Society},
  address = {Los Alamitos, CA, USA}
}

@article{cattell.2011,
  author = {Cattell, Rick},
  title = {Scalable SQL and NoSQL Data Stores},
  journal = {SIGMOD Rec.},
  issue_date = {December 2010},
  volume = {39},
  number = {4},
  month = may,
  year = {2011},
  pages = {12-27},
  numpages = {16},
  publisher = {ACM},
  address = {New York, NY, USA}
}

@article{netflix.2011,
  title={Netflix Cloud Architecture},
  author={Cockcroft, Adrian},
  year={2011}
}

@article{moniruzzaman.2013,
  author = {Moniruzzaman, A. B. M. and Hossain, Syed Akhter},
  title = {NoSQL Database: New Era of Databases for Big data Analytics - Classification, Characteristics and Comparison},
  journal = {Proceedings of the 2013 International Journal of Database Theory and Application},
  volume = {6},
  number = {4},
  year = {2013}
}

@book{lilja.2005,
  author = {Lilja, David J.},
  title = {Measuring computer performance: A practitioner's guide},
  year = {2005},
  publisher = {Cambridge University Press}
}

@book{jain.2008,
  title={The Art Of Computer Systems Performance Analysis:},
  subtitle={Techniques For Experimental Measurements, Simulation and Modeling},
  author={Jain, R.},
  year={2008},
  publisher={Wiley India Pvt. Limited}
}

@inproceedings{Schroeder.2006,
  author = {Schroeder, Bianca and Wierman, Adam and Harchol-Balter, Mor},
  title = {Open Versus Closed: A Cautionary Tale},
  booktitle = {Proceedings of the 3rd conference on Networked Systems Design \& Implementation - Volume 3},
  series = {NSDI'06},
  year = {2006},
  location = {San Jose, CA},
  publisher = {USENIX Association},
  address = {Berkeley, CA, USA}
}

@inproceedings{cortellessa.2007,
  author = {Cortellessa, Vittorio and Frittella, Laurento},
  title = {A Framework for Automated Generation of Architectural Feedback from Software Performance Analysis},
  booktitle = {Proceedings of the 4th European Performance Engineering Conference on Formal Methods and Stochastic Models for Performance Evaluation},
  series = {EPEW'07},
  year = {2007},
  location = {Berlin, Germany},
  pages = {171--185},
  numpages = {15},
  publisher = {Springer-Verlag},
  address = {Berlin, Heidelberg}
}

@inproceedings{ycsb.2010,
  author = {Cooper, Brian F. and Silberstein, Adam and Tam, Erwin and Ramakrishnan, Raghu and Sears, Russell},
  title = {Benchmarking Cloud Serving Systems with YCSB},
  booktitle = {Proceedings of the 1st ACM Symposium on Cloud Computing},
  series = {SoCC '10},
  year = {2010},
  location = {Indianapolis, Indiana, USA},
  pages = {143--154},
  numpages = {12},
  publisher = {ACM},
  address = {New York, NY, USA}
}

@inproceedings{hecht.2011,
  author = {Hecht, Robin and Jablonski, Stefan},
  title = {NoSQL Evaluation: A Use Case Oriented Survey},
  booktitle = {Proceedings of the 2011 International Conference on Cloud and Service Computing},
  series = {CSC '11},
  year = {2011},
  pages = {336--341},
  numpages = {6},
  publisher = {IEEE Computer Society},
  address = {Washington, DC, USA}
}

@inproceedings{pokorny.2011,
  author = {Pokorny, Jaroslav},
  title = {NoSQL Databases: A Step to Database Scalability in Web Environment},
  booktitle = {Proceedings of the 13th International Conference on Information Integration and Web-based Applications and Services},
  series = {iiWAS '11},
  year = {2011},
  location = {Ho Chi Minh City, Vietnam},
  pages = {278--283},
  numpages = {6},
  publisher = {ACM},
  address = {New York, NY, USA}
}

@inproceedings{tudorica.2011,
  title={A comparison between several NoSQL databases with comments and notes},
  author={Tudorica, Bogdan George and Bucur, Cristian},
  booktitle={Roedunet International Conference (RoEduNet), 2011 10th},
  pages={1--5},
  year={2011},
  organization={IEEE}
}

@inproceedings{chang.2006,
  author = {Chang, Fay and Dean, Jeffrey and Ghemawat, Sanjay and Hsieh, Wilson C. and Wallach, Deborah A. and Burrows, Mike and Chandra, Tushar and Fikes, Andrew and Gruber, Robert E.},
  title = {Bigtable: A Distributed Storage System for Structured Data},
  booktitle = {Proceedings of the 7th USENIX Symposium on Operating Systems Design and Implementation - Volume 7},
  series = {OSDI '06},
  year = {2006},
  location = {Seattle, WA},
  publisher = {USENIX Association},
  address = {Berkeley, CA, USA}
}

@inproceedings{adhikari.2012,
  title={Unreeling nNtflix: Understanding and Improving Multi-CDN Movie Delivery},
  author={Adhikari, Vijay Kumar and Guo, Yang and Hao, Fang and Varvello, Matteo and Hilt, Volker and Steiner, Moritz and Zhang, Zhi-Li},
  booktitle={INFOCOM, 2012 Proceedings IEEE},
  pages={1620--1628},
  year={2012},
  organization={IEEE}
}

@mastersthesis{orend.2010,
  author = {Orend, Kai},
  title = {Analysis and Classification of NoSQL Databases and Evaluation of their Ability to Replace an Object-relational Persistence Layer},
  school = {Technical University Munich, Germany},
  year = {2010},
  month = {April},
  day = {14}
}

@online{ellis.2010,
  author = {Ellis, Jonathan},
  title = {The NoSQL Ecosystem},
  day = 21,
  month = 07,
  year = 2010,
  url = {http://www.oscon.com/oscon2010/public/schedule/detail/13478},
  keywords = {online},
  urldate = {2014-06-28}
}

@online{couch.2014,
  author = {{Apache Software Foundation}},
  title = {Apache CouchDB},
  day = 10,
  month = 06,
  year = 2014,
  url = {http://couchdb.apache.org/},
  keywords = {online},
  urldate = {2014-06-28}
}

@online{mongo.2014,
  author = {{MongoDB, Inc.}},
  title = {MongoDB},
  day = 8,
  month = 04,
  year = 2014,
  url = {http://www.mongodb.org/},
  keywords = {online},
  urldate = {2014-06-28}
}

@online{riak.2014,
  author = {{Basho Technologies}},
  title = {Riak | Basho Technologies},
  day = 3,
  month = 06,
  year = 2014,
  url = {http://basho.com/riak/},
  keywords = {online},
  urldate = {2014-06-28}
}

@online{cassandra.2014,
  author = {{Apache Software Foundation}},
  title = {The Apache Cassandra Project},
  day = 29,
  month = 05,
  year = 2014,
  url = {http://cassandra.apache.org/},
  keywords = {online},
  urldate = {2014-06-28}
}

@online{hbase.2014,
  author = {{Apache Software Foundation}},
  title = {HBase - Apache HBase Home},
  day = 31,
  month = 05,
  year = 2014,
  url = {http://hbase.apache.org/},
  keywords = {online},
  urldate = {2014-06-28}
}

@online{hypertable.2014,
  author = {{Hypertable, Inc.}},
  title = {Home | Hypertable - Big Data. Big Performance},
  day = 23,
  month = 06,
  year = 2014,
  url = {http://hypertable.org/},
  keywords = {online},
  urldate = {2014-06-28}
}

@online{neo4j.2014,
  author = {{Neo Technology}},
  title = {Neo4j - The World's Leading Graph Database},
  day = 13,
  month = 06,
  year = 2014,
  url = {http://www.neo4j.org/},
  keywords = {online},
  urldate = {2014-06-28}
}

@online{flock.2010,
  author = {Twitter},
  title = {Introducing FlockDB | Twitter Blogs},
  month = 04,
  year = 2010,
  url = {https://blog.twitter.com/2010/introducing-flockdb},
  keywords = {online},
  urldate = {2014-06-28}
}

@online{allegro.2014,
  author = {{Franz, Inc.}},
  title = {AllegroGraph RDFStore Web 3.0's Database},
  day = 04,
  month = 06,
  year = 2014,
  url = {http://franz.com/agraph/allegrograph/},
  keywords = {online},
  urldate = {2014-06-28}
}

@online{memcached.2014,
  author = {{Danga Interactive}},
  title = {memcached - a distributed memory object caching system},
  day = 11,
  month = 05,
  year = 2014,
  url = {http://memcached.org/},
  keywords = {online},
  urldate = {2014-06-28}
}

@online{voldemort.2013,
  author = {LinkedIn},
  title = {Voldemort},
  day = 25,
  month = 11,
  year = 2013,
  url = {http://www.project-voldemort.com/voldemort/},
  keywords = {online},
  urldate = {2014-06-28}
}

@online{redis.2014,
  author = {Sanfilippo, Salvatore},
  title = {Redis},
  day = 09,
  month = 06,
  year = 2014,
  url = {http://redis.io/},
  keywords = {online},
  urldate = {2014-06-28}
}

@online{ibm.2014,
  author = {{IBM}},
  title = {IBM - What is big data?},
  day = 15,
  month = 05,
  year = 2014,
  url = {http://www-01.ibm.com/software/data/bigdata/what-is-big-data.html},
  keywords = {online},
  urldate = {2014-07-01}
}

@online{netflix.2014,
  author = {{Netflix}},
  title = {Netflix - Watch TV Shows Online, Watch Movies Online},
  year = 2014,
  url = {https://www.netflix.com/},
  keywords = {online},
  urldate = {2014-07-02}
}

@report{smith.1998,
  author = {Smith, Connie U. and Williams, Lloyd G.},
  title = {Software Performance Engineering for Object-Oriented Systems: A Use Case Approach},
  year = {1998}
}

@report{tpcc.2010,
  author={{TPC - Transaction Processing Performance Council}},
  title={Standard Specification TPC BENCHMARK\textsuperscript{\texttrademark} C},
  subtitle={(Revision 5.11)},
  month={02},
  year={2010}
}

@report{tpcds.2012,
  author={{TPC - Transaction Processing Performance Council}},
  title={Standard Specification TPC BENCHMARK\textsuperscript{\texttrademark} DS},
  subtitle={(Version 1.1.0)},
  month={04},
  year={2012}
}

@report{tpc.2013,
  author={{TPC - Transaction Processing Performance Council}},
  title={TPC Policies},
  subtitle={(Version 6.0)},
  day = {12},
  month={09},
  year={2013}
}

@techreport{rain.2010,
  author = {Beitch, Aaron and Liu, Brandon and Yung, Timothy and Griffith, Rean and Fox, Armando and Patterson, David A.},
  title = {Rain: A Workload Generation Toolkit for Cloud Computing Applications},
  day = {10},
  month = {02},
  year = {2010},
  source = {UCB/EECS-2010-14},
  publisher = {Electrical Engineering and Computer Sciences University of California at Berkeley}
}
